@article{ascher1995implicit,
  title={Implicit-explicit methods for time-dependent partial differential equations},
  author={Ascher, Uri M and Ruuth, Steven J and Wetton, Brian TR},
  journal={SIAM Journal on Numerical Analysis},
  volume={32},
  number={3},
  pages={797--823},
  year={1995},
  publisher={SIAM}
}


@article{candes2006robust,
author={Cand{\'e}s, E.J. and Romberg, J. and Tao, T.},
journal={Information Theory, IEEE Transactions on},
title={Robust uncertainty principles: exact signal reconstruction from highly 
incomplete frequency information},
year={2006},
volume={52},
number={2},
pages={489-509},
keywords={Fourier analysis;convex programming;image reconstruction;image 
sampling;indeterminancy;linear programming;minimisation;piecewise constant 
techniques;probability;signal reconstruction;signal sampling;sparse 
matrices;Fourier coefficient;convex optimization;discrete-time signal;image 
reconstruction;incomplete frequency information;linear programming;minimization 
problem;nonlinear sampling theorem;piecewise constant object;probability 
value;robust uncertainty principle;signal reconstruction;sparse random 
matrix;trigonometric expansion;Biomedical imaging;Frequency;Image 
reconstruction;Linear programming;Mathematics;Robustness;Sampling methods;Signal 
processing;Signal reconstruction;Uncertainty;Convex optimization;duality in 
optimization;free probability;image reconstruction;linear programming;random 
matrices;sparsity;total-variation minimization;trigonometric 
expansions;uncertainty principle},
doi={10.1109/TIT.2005.862083},
ISSN={0018-9448},
month={Feb},}

@article {candes2006stable,
author = {Cand{\'e}s, Emmanuel J. and Romberg, Justin K. and Tao, Terence},
title = {Stable signal recovery from incomplete and inaccurate measurements},
journal = {Communications on Pure and Applied Mathematics},
volume = {59},
number = {8},
publisher = {Wiley Subscription Services, Inc., A Wiley Company},
issn = {1097-0312},
url = {http://dx.doi.org/10.1002/cpa.20124},
doi = {10.1002/cpa.20124},
pages = {1207--1223},
year = {2006},
}

@article{davenport2015Constrained,
Author = {Davenport, Mark and Massimino, Andrew and Needell, Deanna and Woolf, 
Tina},
Title = {Constrained Adaptive Sensing},
note = {Submitted},
Year = {2015}
}

@article{duchemin2014explicit,
  title={The Explicit--Implicit--Null method: Removing the numerical instability of PDEs},
  author={Duchemin, Laurent and Eggers, Jens},
  journal={Journal of Computational Physics},
  volume={263},
  pages={37--52},
  year={2014},
  publisher={Elsevier}
}

@book{foucart2013mathematical,
	title={A mathematical introduction to compressive sensing},
	author={Foucart, Simon and Rauhut, Holger},
	year={2013},
	publisher={Birkh{\"a}user}
}

@article{goldstein2009split,
  title={The split {B}regman method for L1-regularized problems},
  author={Goldstein, Tom and Osher, Stanley},
  journal={SIAM Journal on Imaging Sciences},
  volume={2},
  number={2},
  pages={323--343},
  year={2009},
  publisher={SIAM}
}

@misc{goldsteinsplitcode,
 title = {{Split Bregman}},
author = {Goldstein, Tom},
 howpublished = 
{\url{
http://www.ece.rice.edu/~tag7/Tom_Goldstein/Split_Bregman.html}},
  note = {Accessed: 2015-10-14}
}

@article{gurski2011stab,
author = {Katharine Gurski and Stephen O'Sullivan},
title = {A Stability Study of a New Explicit Numerical Scheme for a System of Differential Equations with a Large Skew-Symmetric Component},
journal = {SIAM Journal on Numerical Analysis},
volume = {49},
number = {1},
pages = {368-386},
year = {2011},
doi = {10.1137/090775804},
URL = {http://dx.doi.org/10.1137/090775804},
eprint = {http://dx.doi.org/10.1137/090775804}
}

@book{haberman1987elementary,
  title={Elementary applied partial differential equations: with Fourier series 
and boundary value problems},
  author={Haberman, R.},
  isbn={9780132528757},
  lccn={lc86017051},
  url={https://books.google.ca/books?id=CTzvAAAAMAAJ},
  year={1987},
  publisher={Prentice-Hall}
}

@article{hochbruck2010exponential,
  title={Exponential integrators},
  author={Hochbruck, Marlis and Ostermann, Alexander},
  journal={Acta Numerica},
  volume={19},
  pages={209--286},
  year={2010},
  publisher={Cambridge Univ Press}
}

@article{krahmer2012stable,
author={Krahmer, F. and Ward, R.},
journal={Image Processing, IEEE Transactions on},
title={Stable and Robust Sampling Strategies for Compressive Imaging},
year={2014},
volume={23},
number={2},
pages={612-622},
keywords={Fourier transforms;Haar transforms;compressed sensing;image 
reconstruction;image sampling;matrix algebra;minimisation;wavelet 
transforms;â„“1-minimization;Fourier measurements;Fourier transform domains;Haar 
wavelet sparsity;bounded maximal coherence;compressive imaging;compressive 
sensing theory;frequency domain samples;image reconstructions;inverse square 
power-law density;local coherence framework;low-order frequencies;low-order 
wavelets;measurement noise;near-optimal embedding dimensions;optimal sparse 
recovery;restricted isometry property;robust sampling strategy;sensing 
vector;signal processing;sparsity defects;total variation minimization;variable 
density sampling strategy;wavelet transform domains;Coherence;Compressed 
sensing;Extraterrestrial measurements;Frequency measurement;Image 
reconstruction;Noise measurement;Vectors;Compressive 
imaging;frequency;incoherence;local coherence;variable density sampling},
doi={10.1109/TIP.2013.2288004},
ISSN={1057-7149},
month={Feb},}

@book{moler2004numerical,
  title={Numerical Computing with MATLAB},
  author={Moler, C.B.},
  isbn={9780898715606},
  lccn={2004045360},
  url={https://books.google.ca/books?id=-vPtcriflH0C},
  year={2004},
  publisher={Society for Industrial and Applied Mathematics}
}

@article{needell2013near,
title={Near-optimal compressed sensing guarantees for total variation 
minimization},
author={Needell, Deanna and Ward, Rachel},
journal={IEEE Transactions on Image Processing},
volume={22},
number={10},
pages={3941--3949},
year={2013}
}

@article{needell2013stable,
author = {Deanna Needell and Rachel Ward},
title = {Stable Image Reconstruction Using Total Variation Minimization},
journal = {SIAM Journal on Imaging Sciences},
volume = {6},
number = {2},
pages = {1035-1058},
year = {2013},
doi = {10.1137/120868281},
URL = {http://dx.doi.org/10.1137/120868281},
eprint = {http://dx.doi.org/10.1137/120868281}
}

@article{nguyen2014linear,
title={Linear Convergence of Stochastic Iterative Greedy Algorithms with Sparse 
Constraints},
author={Nguyen, Nam and Needell, Deanna and Woolf, Tina},
journal={arXiv preprint arXiv:1407.0088},
year={2014}
}

@article{patel2012gradient,
author={Patel, V.M. and Maleh, R. and Gilbert, A.C. and Chellappa, R.},
journal={Image Processing, IEEE Transactions on},
title={Gradient-Based Image Recovery Methods From Incomplete Fourier 
Measurements},
year={2012},
volume={21},
number={1},
pages={94-105},
keywords={Fourier transforms;Poisson distribution;image reconstruction;least 
squares approximations;magnetic resonance imaging;optimisation;synthetic 
aperture radar;GradientRec;TV image;compressive sensing points;generalized 
Poisson solver;gradient-based image recovery;horizontal gradients;image 
reconstruction;incomplete Fourier measurements;inherent sparsity;least square 
optimization;magnetic resonance imaging;medical image;sub-Nyquist 
sampling;synthetic aperture radar;total-variation minimization;vertical 
gradients;Image coding;Image edge detection;Image 
reconstruction;Minimization;Noise measurement;Optimization;TV;Compressed 
sensing;Fourier transforms;L1-minimization;Poisson solver;image 
reconstruction;sparse recovery;total variation (TV);Algorithms;Fourier 
Analysis;Humans;Image Enhancement;Image Interpretation, 
Computer-Assisted;Magnetic Resonance Imaging;Pattern Recognition, 
Automated;Reproducibility of Results;Sensitivity and Specificity},
doi={10.1109/TIP.2011.2159803},
ISSN={1057-7149},
month={Jan},}

@article{poon2015tv,
author = {Clarice Poon},
title = {On the Role of Total Variation in Compressed Sensing},
journal = {SIAM Journal on Imaging Sciences},
volume = {8},
number = {1},
pages = {682-720},
year = {2015},
doi = {10.1137/140978569},
URL = { 
        http://dx.doi.org/10.1137/140978569},
eprint = { 
        http://dx.doi.org/10.1137/140978569   }
}

@article{smereka2003semi,
  title={Semi-implicit level set methods for curvature and surface diffusion motion},
  author={Smereka, Peter},
  journal={Journal of Scientific Computing},
  volume={19},
  number={1},
  pages={439--456},
  year={2003},
  publisher={Springer}
}

@book{strikwerda2004finite,
author = {Strikwerda, J.},
title = {Finite Difference Schemes and Partial Differential Equations, Second Edition},
publisher = {Society for Industrial and Applied Mathematics},
year = {2004},
doi = {10.1137/1.9780898717938},
address = {},
edition   = {},
URL = {http://epubs.siam.org/doi/abs/10.1137/1.9780898717938},
eprint = {http://epubs.siam.org/doi/pdf/10.1137/1.9780898717938}
}

@book{trefethen2000spectral,
 author = {Trefethen, Lloyd N.},
 title = {Spectral Methods in MatLab},
 year = {2000},
 isbn = {0-89871-465-6},
 publisher = {Society for Industrial and Applied Mathematics},
 address = {Philadelphia, PA, USA},
} 

@misc{WinNT,
  title = {{MS Windows NT} Kernel Description},
  howpublished = 
{\url{
http://web.archive.org/web/20080207010024/http://www.808multimedia.com/winnt/ker
nel.htm}},
  note = {Accessed: 2010-09-30}
}



